@book{baez2011physics,
  title={Physics, topology, logic and computation: a Rosetta Stone},
  author={Baez, John and Stay, Mike},
  year={2011},
  publisher={Springer}
}

@article{selinger2009quantum,
  title={Quantum lambda calculus},
  author={Selinger, Peter and Valiron, Beno{\i}t},
  journal={Semantic Techniques in Quantum Computation},
  pages={135--172},
  year={2009},
  publisher={Cambridge Univ. Press}
}

@incollection{blute2011proof,
  title={Proof Nets as Formal Feynman Diagrams},
  author={Blute, Richard and Panangaden, Prakash},
  booktitle={New Structures for Physics},
  pages={437--466},
  year={2011},
  publisher={Springer}
}