@article{abramsky2006categorical,
  title={A categorical quantum logic},
  author={Abramsky, Samson and Duncan, Ross},
  journal={Mathematical Structures in Computer Science},
  volume={16},
  number={3},
  pages={469--489},
  year={2006},
  publisher={Cambridge Univ Press}
}

@article{abramsky2009categorical,
  title={Categorical quantum mechanics},
  author={Abramsky, Samson and Coecke, Bob},
  journal={Handbook of quantum logic and quantum structures: quantum logic},
  pages={261--324},
  year={2009},
  publisher={Elsevier}
}

@book{baez2011physics,
  title={Physics, topology, logic and computation: a Rosetta Stone},
  author={Baez, John and Stay, Mike},
  year={2011},
  publisher={Springer}
}

@incollection{blute2011proof,
  title={Proof Nets as Formal Feynman Diagrams},
  author={Blute, Richard and Panangaden, Prakash},
  booktitle={New Structures for Physics},
  pages={437--466},
  year={2011},
  publisher={Springer}
}

@article{coecke2005kindergarten,
  title={Kindergarten quantum mechanics},
  author={Coecke, Bob},
  journal={arXiv preprint quant-ph/0510032},
  year={2005}
}

@article{deutsch1985,
  title={Quantum theory, the Church-Turing principle and the universal quantum computer},
  author={Deutsch, David},
  journal={Proceedings of the Royal Society of London. A. Mathematical and Physical Sciences},
  volume={400},
  number={1818},
  pages={97--117},
  year={1985},
  publisher={The Royal Society}
}

@unpublished{gallier13,
  title={Fundamentals of Linear Algebra and Optimization},
  author={Jean Gallier},
  year={2013},
  url={http://www.cis.upenn.edu/~cis515/linalg.pdf}
}


@article{green13quipper,
  author    = {Alexander S. Green and
               Peter LeFanu Lumsdaine and
               Neil J. Ross and
               Peter Selinger and
               Beno\^{\i}t Valiron},
  title     = {An Introduction to Quantum Programming in Quipper},
  journal   = {CoRR},
  volume    = {abs/1304.5485},
  year      = {2013},
  ee        = {http://arxiv.org/abs/1304.5485},
  bibsource = {DBLP, http://dblp.uni-trier.de}
}

@book{omer2000quantum,
  title={Quantum programming in QCL},
  author={{\"O}mer, Bernhard},
  year={2000}
}

@article{selinger2006lambda,
  title={A lambda calculus for quantum computation with classical control},
  author={Selinger, Peter and Valiron, Benoit},
  journal={Mathematical Structures in Computer Science},
  volume={16},
  number={3},
  pages={527--552},
  year={2006},
  publisher={Cambridge University Press}
}

@article{selinger2009quantum,
  title={Quantum lambda calculus},
  author={Selinger, Peter and Valiron, Beno{\i}t},
  journal={Semantic Techniques in Quantum Computation},
  pages={135--172},
  year={2009},
  publisher={Cambridge Univ. Press}
}